%% This BibTeX bibliography file was created using BibDesk.
%% http://bibdesk.sourceforge.net/


%% Created for Andrew Ning at 2014-05-17 20:43:54 -0600


%% Saved with string encoding Unicode (UTF-8)



@techreport{Resor2013,
	Author = {Brian R. Resor},
	Date-Added = {2014-05-18 02:43:53 +0000},
	Date-Modified = {2014-05-18 02:43:53 +0000},
	Institution = {Sandia National Laboratories},
	Keywords = {reference model},
	Month = {April},
	Title = {Definition of a 5{MW}/61.5m Wind Turbine Blade Reference Model},
	Type = {{SAND}2013-2569},
	Year = {2013},
	Bdsk-File-1 = {YnBsaXN0MDDUAQIDBAUGJCVYJHZlcnNpb25YJG9iamVjdHNZJGFyY2hpdmVyVCR0b3ASAAGGoKgHCBMUFRYaIVUkbnVsbNMJCgsMDxJXTlMua2V5c1pOUy5vYmplY3RzViRjbGFzc6INDoACgAOiEBGABIAFgAdccmVsYXRpdmVQYXRoWWFsaWFzRGF0YV8QMC4uLy4uL1BhcGVycy9SZXNvcl9EZWZpbml0aW9uIDVNVy02MS41bSBXaW5kLnBkZtIXCxgZV05TLmRhdGFPEQHoAAAAAAHoAAIAAAxNYWNpbnRvc2ggSEQAAAAAAAAAAAAAAAAAAADKPByjSCsAAABZAAAfUmVzb3JfRGVmaW5pdGlvbiA1TSMxOEJCRTcwLnBkZgAAAAAAAAAAAAAAAAAAAAAAAAAAAAAAAAAAAAAAAAAAAYu+cM+JGCQAAAAAAAAAAAACAAIAAAkgAAAAAAAAAAAAAAAAAAAABlBhcGVycwAQAAgAAMo8cQMAAAARAAgAAM+JbIQAAAABABQAWQAAAFj//wAGGOsABQEnAAC/MQACAFJNYWNpbnRvc2ggSEQ6VXNlcnM6AEFuZHJldzoARHJvcGJveDoATlJFTDoAUGFwZXJzOgBSZXNvcl9EZWZpbml0aW9uIDVNIzE4QkJFNzAucGRmAA4ASAAjAFIAZQBzAG8AcgBfAEQAZQBmAGkAbgBpAHQAaQBvAG4AIAA1AE0AVwAtADYAMQAuADUAbQAgAFcAaQBuAGQALgBwAGQAZgAPABoADABNAGEAYwBpAG4AdABvAHMAaAAgAEgARAASAERVc2Vycy9BbmRyZXcvRHJvcGJveC9OUkVML1BhcGVycy9SZXNvcl9EZWZpbml0aW9uIDVNVy02MS41bSBXaW5kLnBkZgATAAEvAAAVAAIADf//AACABtIbHB0eWiRjbGFzc25hbWVYJGNsYXNzZXNdTlNNdXRhYmxlRGF0YaMdHyBWTlNEYXRhWE5TT2JqZWN00hscIiNcTlNEaWN0aW9uYXJ5oiIgXxAPTlNLZXllZEFyY2hpdmVy0SYnVHJvb3SAAQAIABEAGgAjAC0AMgA3AEAARgBNAFUAYABnAGoAbABuAHEAcwB1AHcAhACOAMEAxgDOAroCvALBAswC1QLjAucC7gL3AvwDCQMMAx4DIQMmAAAAAAAAAgEAAAAAAAAAKAAAAAAAAAAAAAAAAAAAAyg=}}

@techreport{Jonkman2009,
	Address = {Golden, CO},
	Author = {Jonkman, J. and Butterfield, S. and Musial, W. and Scott, G.},
	Date-Added = {2014-05-18 02:43:38 +0000},
	Date-Modified = {2014-05-18 02:43:38 +0000},
	Institution = {National Renewable Energy Laboratory},
	Month = {Feb},
	Read = {1},
	Title = {Definition of a {5-MW} Reference Wind Turbine for Offshore System Development},
	Type = {{NREL/TP}-500-38060},
	Year = {2009}}

@article{Brent1971,
	Author = {Richard P. Brent},
	Date-Added = {2014-05-18 01:01:18 +0000},
	Date-Modified = {2014-05-18 01:01:18 +0000},
	Doi = {10.1093/comjnl/14.4.422},
	Journal = {The Computer Journal},
	Keywords = {BEM, algorithm},
	Number = {4},
	Pages = {422--425},
	Read = {1},
	Title = {An Algorithm with Guaranteed Convergence for Finding a Zero of a Function},
	Volume = {14},
	Year = {1971},
	Bdsk-Url-1 = {http://dx.doi.org/10.1093/comjnl/14.4.422}}

@techreport{IEC,
	Date-Added = {2014-05-18 00:54:05 +0000},
	Date-Modified = {2014-05-18 00:54:05 +0000},
	Institution = {International Electrotechnical Commission},
	Number = {{IEC 61400-1}},
	Title = {Wind Turbines Part 1: Design requirements},
	Year = {2005},
	Bdsk-File-1 = {YnBsaXN0MDDUAQIDBAUGJCVYJHZlcnNpb25YJG9iamVjdHNZJGFyY2hpdmVyVCR0b3ASAAGGoKgHCBMUFRYaIVUkbnVsbNMJCgsMDxJXTlMua2V5c1pOUy5vYmplY3RzViRjbGFzc6INDoACgAOiEBGABIAFgAdccmVsYXRpdmVQYXRoWWFsaWFzRGF0YV8QWS4uLy4uL1BhcGVycy9JbnRlcm5hdGlvbmFsIEVsZWN0cm90ZWNobmljYWwgQ29tbWlzc2lvbl9JbnRlcm5hdGlvbmFsIFN0YW5kYXJkIDYxNDAwLTEucGRm0hcLGBlXTlMuZGF0YU8RAmQAAAAAAmQAAgAADE1hY2ludG9zaCBIRAAAAAAAAAAAAAAAAAAAAMo8HKNIKwAAAFkAAB9JbnRlcm5hdGlvbmFsIEVsZWN0ciNEODgzMTUucGRmAAAAAAAAAAAAAAAAAAAAAAAAAAAAAAAAAAAAAAAAAAAA2IMVyvEqMgAAAAAAAAAAAAIAAgAACSAAAAAAAAAAAAAAAAAAAAAGUGFwZXJzABAACAAAyjxxAwAAABEACAAAyvGMogAAAAEAFABZAAAAWP//AAYY6wAFAScAAL8xAAIAUk1hY2ludG9zaCBIRDpVc2VyczoAQW5kcmV3OgBEcm9wYm94OgBOUkVMOgBQYXBlcnM6AEludGVybmF0aW9uYWwgRWxlY3RyI0Q4ODMxNS5wZGYADgCaAEwASQBuAHQAZQByAG4AYQB0AGkAbwBuAGEAbAAgAEUAbABlAGMAdAByAG8AdABlAGMAaABuAGkAYwBhAGwAIABDAG8AbQBtAGkAcwBzAGkAbwBuAF8ASQBuAHQAZQByAG4AYQB0AGkAbwBuAGEAbAAgAFMAdABhAG4AZABhAHIAZAAgADYAMQA0ADAAMAAtADEALgBwAGQAZgAPABoADABNAGEAYwBpAG4AdABvAHMAaAAgAEgARAASAG1Vc2Vycy9BbmRyZXcvRHJvcGJveC9OUkVML1BhcGVycy9JbnRlcm5hdGlvbmFsIEVsZWN0cm90ZWNobmljYWwgQ29tbWlzc2lvbl9JbnRlcm5hdGlvbmFsIFN0YW5kYXJkIDYxNDAwLTEucGRmAAATAAEvAAAVAAIADf//AACABtIbHB0eWiRjbGFzc25hbWVYJGNsYXNzZXNdTlNNdXRhYmxlRGF0YaMdHyBWTlNEYXRhWE5TT2JqZWN00hscIiNcTlNEaWN0aW9uYXJ5oiIgXxAPTlNLZXllZEFyY2hpdmVy0SYnVHJvb3SAAQAIABEAGgAjAC0AMgA3AEAARgBNAFUAYABnAGoAbABuAHEAcwB1AHcAhACOAOoA7wD3A18DYQNmA3EDegOIA4wDkwOcA6EDrgOxA8MDxgPLAAAAAAAAAgEAAAAAAAAAKAAAAAAAAAAAAAAAAAAAA80=}}

@techreport{Bir2005,
	Author = {Gunjit Bir},
	Date-Added = {2014-04-30 17:09:13 +0000},
	Date-Modified = {2014-04-30 17:09:13 +0000},
	Institution = {National Renewable Energy Laboratory},
	Month = {January},
	Number = {{TP}-500-38929},
	Title = {User's Guide to PreComp (Pre-Processor for Computing Composite Blade Properties)},
	Year = {2006}}

@techreport{Ning2013b,
	Author = {Andrew Ning},
	Date-Added = {2014-04-30 17:09:13 +0000},
	Date-Modified = {2014-04-30 17:09:13 +0000},
	Institution = {National Renewable Energy Laboratory},
	Month = {September},
	Number = {{TP}-5000-58818},
	Title = {pBEAM Documentation},
	Year = {2013}}

@article{Ning2014d,
	Author = {Andrew Ning and Katherine Dykes},
	Date-Added = {2014-04-30 17:03:37 +0000},
	Date-Modified = {2014-04-30 17:03:37 +0000},
	Journal = {Journal of Physics: Conference Series},
	Note = {(In press)},
	Title = {Understanding the Benefits and Limitations of Increasing Maximum Rotor Tip Speed for Utility-Scale Wind Turbines},
	Year = {2014}}

@article{Ning2014,
	Author = {Andrew Ning and Derek Petch},
	Date-Added = {2014-04-30 17:01:53 +0000},
	Date-Modified = {2014-04-30 17:01:53 +0000},
	Journal = {Wind Energy},
	Note = {(Forthcoming)},
	Title = {Design Optimization of Downwind Wind Turbines},
	Year = {2014}}

@techreport{Dykes2014a,
	Address = {Golden, CO},
	Author = {Dykes, K. and Ning, A. and King, R. and Graf, P. and Scott, G. and Veers, P.},
	Date-Added = {2014-04-30 17:00:47 +0000},
	Date-Modified = {2014-04-30 17:00:47 +0000},
	Institution = {National Renewable Energy Laboratory},
	Keywords = {cost, LCOE},
	Number = {NREL/CP-5000-60920},
	Read = {1},
	Title = {Sensitivity Analysis of Wind Plant Performance to Key Turbine Design Parameters: A Systems Engineering Approach},
	Year = {2014}}

@article{Ning2013a,
	Author = {Andrew Ning and Rick Damiani and Pat Moriarty},
	Date-Added = {2014-04-30 16:59:55 +0000},
	Date-Modified = {2014-05-18 01:23:40 +0000},
	Doi = {10.1115/1.4027693},
	Journal = {Journal of Solar Energy Engineering},
	Note = {(In press)},
	Title = {Objectives and Constraints for Wind Turbine Optimization},
	Url = {http://andrewning.com/files/Ning_ObjectivesWindTurbineOptimization.pdf},
	Year = {2014},
	Bdsk-Url-1 = {http://andrewning.com/files/Ning_ObjectivesWindTurbineOptimization.pdf}}

@article{martins:arch:survey,
	Author = {Joaquim R. R. A. Martins and Andrew B. Lambe},
	Doi = {10.2514/1.J051895},
	Journal = {AIAA Journal},
	Pages = {2049-2075},
	Title = {Multidisciplinary Design Optimization: A Survey of Architectures},
	Volume = {51},
	Year = {2013},
	Bdsk-Url-1 = {http://dx.doi.org/10.2514/1.J051895}}

@article{gill2005snopt,
	Author = {Gill, Philip E and Murray, Walter and Saunders, Michael A},
	Journal = {SIAM review},
	Number = {1},
	Pages = {99--131},
	Publisher = {SIAM},
	Title = {SNOPT: An SQP algorithm for large-scale constrained optimization},
	Volume = {47},
	Year = {2005}}

@article{NING:BEM,
	Author = {Andrew Ning},
	Date-Modified = {2014-04-30 16:58:48 +0000},
	Doi = {10.1002/we.1636},
	Issn = {1099-1824},
	Journal = {Wind Energy},
	Keywords = {blade element momentum equations, robust solution methodology, guaranteed convergence},
	Title = {A simple solution method for the blade element momentum equations with guaranteed convergence},
	Url = {http://dx.doi.org/10.1002/we.1636},
	Year = {2013},
	Bdsk-Url-1 = {http://dx.doi.org/10.1002/we.1636}}

@article{Kennedy:2013:TACS,
	Author = {Graeme J. Kennedy and Joaquim R. R. A. Martins},
	Journal = {Finite Elements in Analysis and Design},
	Note = {(In press)},
	Title = {A Parallel Finite-Element Framework for Large-Scale Gradient-Based Design Optimization of High-Performance Structures},
	Year = {2014}}

@article{Venkataraman:2004:SOC,
	Author = {Venkataraman, S. and Haftka, R.T.},
	Doi = {10.1007/s00158-004-0415-y},
	Issn = {1615-147X},
	Issue = {6},
	Journal = {Structural and Multidisciplinary Optimization},
	Keywords = {complexity; Moore's law; optimization},
	Pages = {375-387},
	Publisher = {Springer-Verlag},
	Title = {Structural optimization complexity: {W}hat has {M}oore's law done for us?},
	Volume = {28},
	Year = {2004},
	Bdsk-Url-1 = {http://dx.doi.org/10.1007/s00158-004-0415-y}}

@article{Adelman:1986:structure-sensitivity,
	Author = {Howard M. Adelman and Raphael T. Haftka},
	Doi = {10.2514/3.48671},
	Issue = {5},
	Journal = {{AIAA} Journal},
	Month = {May},
	Pages = {823-832},
	Title = {Sensitivity Analysis of Discrete Structural Systems},
	Volume = {24},
	Year = {1986},
	Bdsk-Url-1 = {http://dx.doi.org/10.2514/3.48671}}

@article{graph_problem2013,
	Author = {Pate, DavidJ. and Gray, Justin and German, BrianJ.},
	Doi = {10.1007/s00158-013-1006-6},
	Issn = {1615-147X},
	Journal = {Structural and Multidisciplinary Optimization},
	Keywords = {Graph theory; Multidisciplinary design optimization; Problem formulation},
	Language = {English},
	Pages = {1-18},
	Publisher = {Springer Berlin Heidelberg},
	Title = {A graph theoretic approach to problem formulation for multidisciplinary design analysis and optimization},
	Url = {http://dx.doi.org/10.1007/s00158-013-1006-6},
	Year = {2013},
	}

@inproceedings{AIAA:sellar,
	Address = {Reno, NV},
	Author = {Sellar, RS and Batill, SM and Renaud, JE},
	Booktitle = {34th AIAA Aerospace Sciences Meeting and Exhibit},
	File = {:Users/jsgray/Documents/Mendeley Desktop/Sellar, Batill, Renaud - 1996 - Response surface based, concurrent subspace optimization for multidisciplinary system design(2).pdf:pdf},
	Month = jan,
	Publisher = {Citeseer},
	Title = {{Response surface based, concurrent subspace optimization for multidisciplinary system design}},
	Year = {1996}}

@article{venkataraman2004structural,
	Author = {Venkataraman, S and Haftka, Raphael T},
	Journal = {Structural and Multidisciplinary Optimization},
	Number = {6},
	Pages = {375--387},
	Publisher = {Springer},
	Title = {Structural optimization complexity: what has Moore's law done for us?},
	Volume = {28},
	Year = {2004}}

@inproceedings{hagberg-2008-exploring,
	Address = {Pasadena, CA USA},
	Author = {Aric A. Hagberg and Daniel A. Schult and Pieter J. Swart},
	Booktitle = {Proceedings of the 7th Python in Science Conference (SciPy2008)},
	Editors = {G\"{a}el Varoquaux, Travis Vaught, and Jarrod Millman},
	Month = Aug,
	Pages = {11--15},
	Title = {Exploring network structure, dynamics, and function using {NetworkX}},
	Urlpdf = {http://math.lanl.gov/~hagberg/Papers/hagberg-2008-exploring.pdf},
	Year = {2008}}

@conference{economon2012coupled,
	Address = {Indianapolis, IN},
	Author = {Economon, Thomas D and Palacios, Francisco and Alonso, Juan J},
	Booktitle = {12th AIAA Aviation Technology, Integration, and Operations (ATIO) Conference and 14th AIAA/ISSM Multidisciplinary Analysis and Optimization Conference},
	Month = {September},
	Note = {AIAA 2012-5598},
	Title = {A coupled-adjoint method for aerodynamic and aeroacoustic optimization},
	Year = {2012}}

@article{tarjan1972depth,
	Author = {Tarjan, Robert},
	Journal = {SIAM journal on computing},
	Number = {2},
	Pages = {146--160},
	Publisher = {SIAM},
	Title = {Depth-first search and linear graph algorithms},
	Volume = {1},
	Year = {1972}}

@article{nuutila1994finding,
	Author = {Nuutila, Esko and Soisalon-Soininen, Eljas},
	Journal = {Information Processing Letters},
	Number = {1},
	Pages = {9--14},
	Publisher = {Elsevier},
	Title = {On finding the strongly connected components in a directed graph},
	Volume = {49},
	Year = {1994}}

@inproceedings{palacios2012adjoint,
	Author = {Palacios, Francisco and Alonso, Juan J and Colonno, Michael and Hicken, Jason and Lukaczyk, Trent},
	Booktitle = {50th AIAA Aerospace Sciences Meeting, American Institute of Aeronautics and Astronautics, Nashville, TN},
	Title = {Adjoint-based method for supersonic aircraft design using equivalent area distributions},
	Volume = {4},
	Year = {2012}}

@article{Liou2010,
	Author = {Lee, Byung Joon and Liou, Meng-Sing and Kim, Chongam},
	Booktitle = {AIAA Journal},
	Da = {2010/09/01},
	Date = {2010/09/01},
	Doi = {10.2514/1.J050222},
	Isbn = {0001-1452},
	Journal = {AIAA Journal},
	Month = {2014/04/16},
	Number = {9},
	Pages = {2008--2016},
	Publisher = {American Institute of Aeronautics and Astronautics},
	Title = {Optimizing a Boundary-Layer-Ingestion Offset Inlet by Discrete Adjoint Approach},
	Ty = {JOUR},
	Url = {http://arc.aiaa.org/doi/abs/10.2514/1.J050222},
	Volume = {48},
	Year = {2010},
	Annote = {doi: 10.2514/1.J050222},
	Bdsk-Url-1 = {http://arc.aiaa.org/doi/abs/10.2514/1.J050222},
	Bdsk-Url-2 = {http://dx.doi.org/10.2514/1.J050222}}

@article{Sobieski1990,
	Author = {Sobieszczanski-Sobieski, Jaroslaw},
	Booktitle = {AIAA Journal},
	Da = {1990/01/01},
	Date = {1990/01/01},
	Date-Added = {2014-04-16 12:13:25 +0000},
	Date-Modified = {2014-04-16 12:13:25 +0000},
	Doi = {10.2514/3.10366},
	Isbn = {0001-1452},
	Journal = {AIAA Journal},
	Month = {04},
	Number = {1},
	Pages = {153--160},
	Publisher = {American Institute of Aeronautics and Astronautics},
	Title = {Sensitivity of complex, internally coupled systems},
	Url = {http://dx.doi.org/10.2514/3.10366},
	Volume = {28},
	Year = {1990},
	Annote = {doi: 10.2514/3.10366},
	Bdsk-Url-1 = {http://dx.doi.org/10.2514/3.10366}}

@article{martins2013,
	Author = {Joaquim R. R. A. Martins and John T. Hwang},
	Date-Added = {2012-07-05 21:36:04 +0000},
	Date-Modified = {2014-04-25 18:36:40 +0000},
	Doi = {10.2514/1.J052184},
	Journal = {AIAA Journal},
	Month = {November},
	Number = {11},
	Pages = {2582--2599},
	Title = {Review and Unification of Methods for Computing Derivatives of Multidisciplinary Computational Models},
	Volume = {51},
	Year = {2013}}

@article{CADRE2014,
	Author = {John T. Hwang and Dae Young Lee and James W. Cutler and Joaquim R. R. A. Martins},
	Date-Added = {2013-05-19 00:29:01 +0000},
	Date-Modified = {2014-04-25 12:20:46 +0000},
	Doi = {10.2514/1.A32751},
	Journal = {Journal of Spacecraft and Rockets},
	Note = {(In press)},
	Title = {Large-Scale Multidisciplinary Optimization of a Small Satellite's Design and Operation},
	Year = {2014}}

@conference{cutler2011cubesat,
	Author = {Cutler, James and Ridley, Aaron and Nicholas, Andrew},
	Booktitle = {Proceedings of the AIAA/USU Small Satellite Conference},
	Title = {Cubesat Investigating Atmospheric Density Response to Extreme Driving (CADRE)},
	Year = {2011}}

@conference{SU2_2013,
	Address = {Grapevine, Texas},
	Author = {Lukaczyk, T. W. and Taylor, T. W. R. and Alonso, J. J},
	Booktitle = {51st AIAA Aerospace Sciences Meeting including the New Horizons Forum and Aerospace Exposition},
	Month = {January},
	Note = {AIAA-2013-0287},
	Title = {Stanford University Unstructured (SU2): An open-source integrated computational environment for multi-physics simulation and design},
	Year = {2013}}


@article{Kenway2014a,
	Author = {Gaetan K. W. Kenway and Graeme J. Kennedy and Joaquim R. R. A. Martins},
	Date-Added = {2012-08-01 19:08:42 +0000},
	Date-Modified = {2014-04-23 12:23:19 +0000},
	Doi = {10.2514/1.J052255},
	Journal = {AIAA Journal},
	Month = {May},
	Number = {5},
	Pages = {935--951},
	Title = {Scalable Parallel Approach for High-Fidelity Steady-State Aeroelastic Analysis and Derivative Computations},
	Volume = {52},
	Year = {2014}}


@article{Kenway2014c,
	Author = {Gaetan K. W. Kenway and Joaquim R. R. A. Martins},
	Date-Added = {2012-08-22 14:43:07 +0000},
	Date-Modified = {2014-04-25 18:33:11 +0000},
	Doi = {10.2514/1.C032150},
	Journal = {Journal of Aircraft},
	Month = {January},
	Number = {1},
	Pages = {144--160},
	Title = {Multi-Point High-Fidelity Aerostructural Optimization of a Transport Aircraft Configuration},
	Volume = {51},
	Year = {2014}
}

@article{Haghighat2012,
	Author = {Sohrab Haghighat and Joaquim R. R. A. Martins and Hugh H. T. Liu},
	Doi = {10.2514/1.C031344},
	Journal = {Journal of Aircraft},
	Number = {2},
	Pages = {432{\textendash}443},
	Title = {Aeroservoelastic Design Optimization of a Flexible Wing},
	Volume = {49},
	Year = {2012},
	Bdsk-Url-1 = {http://dx.doi.org/10.2514/1.C031344}}

@inproceedings{openmdao_derivatives,
	Address = {Indianapolis, IN},
	Author = {Moore, Kenneth T.},
	Booktitle = {14th AIAA/ISSMO Multidisciplinary Analysis and Optimization Conference},
	Month = {September},
	Organization = {AIAA},
	Title = {Calculation of Sensitivity Derivatives in an MDAO Framework},
	Year = {2012}}


@conference{Marriage:2008a,
	Address = {Victoria, BC},
	Author = {Christopher J. Marriage and Joaquim R. R. A. Martins},
	Booktitle = {12th AIAA/ISSMO Multidisciplinary Analysis and Optimization Conference},
	Date-Added = {2008-07-01 21:54:20 -0400},
	Date-Modified = {2011-09-09 14:00:02 -0400},
	Month = {September},
	Note = {AIAA 2008-5956},
	Title = {Reconfigurable Semi-Analytic Sensitivity Methods and {MDO} Architectures Within the $\pi${MDO} Framework},
	Year = {2008}}


@article{Tedford2007a,
	Author = {Joaquim R. R. A. Martins and Christopher Marriage and Nathan P. Tedford},
	Date-Added = {2007-08-29 08:22:44 -0400},
	Date-Modified = {2011-03-17 10:13:26 -0400},
	Doi = {10.1145/1555386.1555389},
	Journal = {ACM Transactions on Mathematical Software},
	Keywords = {MDO},
	Month = aug,
	Number = {4},
	Pages = {20:1--20:25},
	Title = {py{MDO}: An Object-Oriented Framework for Multidisciplinary Design Optimization},
	Volume = {36},
	Year = {2009}}

@inproceedings{Alexandrov2004b,
	Address = {Albany, NY},
	Author = {Natalia M. Alexandrov and Robert Michael Lewis},
	Booktitle = {Proceedings of the 10th AIAA/ISSMO Multidisciplinary Analysis and Optimization Conference},
	Date-Added = {2007-08-29 08:22:44 -0400},
	Date-Modified = {2012-08-23 15:07:45 +0000},
	Keywords = {MDO},
	Local-Url = {file://localhost/Users/martins/0doc/BibDesk/Alexandrov2004AAB.pdf},
	Month = sep,
	Note = {AIAA 2004-4308},
	Title = {Reconfigurability in {MDO} Problem Synthesis, Part 2},
	Year = {2004}}

@inproceedings{Alexandrov2004a,
	Address = {Albany, NY},
	Author = {Natalia M. Alexandrov and Robert Michael Lewis},
	Booktitle = {Proceedings of the 10th AIAA/ISSMO Multidisciplinary Analysis and Optimization Conference},
	Date-Added = {2007-08-29 08:22:44 -0400},
	Date-Modified = {2012-08-23 15:08:09 +0000},
	Keywords = {MDO},
	Local-Url = {file://localhost/Users/martins/0doc/BibDesk/Alexandrov2004AAA.pdf},
	Note = {AIAA 2004-4307},
	Title = {Reconfigurability in {MDO} Problem Synthesis, Part 1},
	Year = {2004}}

@article{Lyu2014b,
	Author = {Zhoujie Lyu and Gaetan K. Kenway and Joaquim R. R. A. Martins},
	Date-Added = {2013-10-20 21:33:01 +0000},
	Date-Modified = {2014-05-22 17:09:20 +0000},
	Journal = {AIAA Journal},
	Note = {(Accepted subject to revisions)},
	Title = {Aerodynamic Shape Optimization Studies on the Common Research Model Wing Benchmark},
	Year = {2014}}

@article{Martins:2003:CSD,
	Author = {Joaquim R. R. A. Martins and Peter Sturdza and Juan J. Alonso},
	Doi = {10.1145/838250.838251},
	Journal = {ACM Transactions on Mathematical Software},
	Keywords = {complex step, sensitivities},
	Number = {3},
	Pages = {245--262},
	Title = {The Complex-Step Derivative Approximation},
	Volume = {29},
	Year = {2003}}

@article{Martins:2005:CAS,
	Annote = {Special Issue: Special Issue on Multidisciplinary Design Optimization (Guest Editor: Natalia Alexandrov)},
	Author = {Joaquim R. R. A. Martins and Juan J. Alonso and James J. Reuther},
	Date-Added = {2007-08-29 08:22:44 -0400},
	Date-Modified = {2011-03-17 10:13:13 -0400},
	Doi = {10.1023/B:OPTE.0000048536.47956.62},
	Journal = {Optimization and Engineering},
	Keywords = {aerostructures, MDO, sensitivities},
	Month = mar,
	Number = {1},
	Pages = {33--62},
	Title = {A Coupled-Adjoint Sensitivity Analysis Method for High-Fidelity Aero-Structural Design},
	Volume = {6},
	Year = {2005}}


@article{Lambe2012,
	Author = {Andrew B. Lambe and Joaquim R. R. A. Martins},
	Doi = {10.1007/s00158-012-0763-y},
	Journal = {Structural and Multidisciplinary Optimization},
	Month = {August},
	Pages = {273--284},
	Title = {Extensions to the Design Structure Matrix for the Description of Multidisciplinary Design, Analysis, and Optimization Processes},
	Volume = {46},
	Year = {2012}}
